@article{Tian2022,
    title = {A prescriptive Dirichlet power allocation policy with deep reinforcement learning},
    journal = {Reliability Engineering \& System Safety},
    volume = {224},
    pages = {108529},
    year = {2022},
    issn = {0951-8320},
    doi = {10.1016/j.ress.2022.108529},
    url = {https://www.sciencedirect.com/science/article/pii/S0951832022001831},
    author = {Yuan Tian and Minghao Han and Chetan Kulkarni and Olga Fink},
    keywords = {Reinforcement learning, Deep learning, Prescriptive operation, Multi-power source systems},
}

@inproceedings{Shahrad2020,
    author = {Shahrad, Mohammad and Fonseca, Rodrigo and Goiri, \'{I}\~{n}igo and Chaudhry, Gohar and Batum, Paul and Cooke, Jason and Laureano, Eduardo and Tresness, Colby and Russinovich, Mark and Bianchini, Ricardo},
    title = {Serverless in the wild: characterizing and optimizing the serverless workload at a large cloud provider},
    year = {2020},
    isbn = {978-1-939133-14-4},
    publisher = {USENIX Association},
    address = {USA},
    booktitle = {Proceedings of the 2020 USENIX Conference on Usenix Annual Technical Conference},
    articleno = {14},
    numpages = {14},
    series = {USENIX ATC'20},
    url = {https://www.usenix.org/conference/atc20/presentation/shahrad}
}

% PPO
@article{Schulman2017,
    title = {Proximal policy optimization algorithms},
    author = {Schulman, John and Wolski, Filip and Dhariwal, Prafulla and Radford, Alec and Klimov, Oleg},
    journal = {arXiv preprint arXiv:1707.06347},
    doi = {10.48550/arXiv.1707.06347},
    year = {2017},
    url = {https://arxiv.org/abs/1707.06347}
}

% Generalized Advantage Estimation (PPO)
@article{Schulman2015,
    title = {High-dimensional continuous control using generalized advantage estimation},
    author = {Schulman, John and Moritz, Philipp and Levine, Sergey and Jordan, Michael and Abbeel, Pieter},
    journal = {arXiv preprint arXiv:1506.02438},
    doi = {10.48550/arXiv.1506.02438},
    year = {2015},
    url = {https://arxiv.org/abs/1506.02438}
}

% Ray RLLib
@inproceedings{Liang2018,
    title = {{RL}lib: Abstractions for Distributed Reinforcement Learning},
    author = {Liang, Eric and Liaw, Richard and Nishihara, Robert and Moritz, Philipp and Fox, Roy and Goldberg, Ken and Gonzalez, Joseph and Jordan, Michael and Stoica, Ion},
    booktitle = {Proceedings of the 35th International Conference on Machine Learning},
    pages = {3053--3062},
    year = {2018},
    editor = {Dy, Jennifer and Krause, Andreas},
    volume = {80},
    series = {Proceedings of Machine Learning Research},
    month = {08},
    publisher = {PMLR},
    pdf = {http://proceedings.mlr.press/v80/liang18b/liang18b.pdf},
    url = {https://proceedings.mlr.press/v80/liang18b.html},
}

% Ray
@inproceedings{Moritz2018,
    author = {Philipp Moritz and Robert Nishihara and Stephanie Wang and Alexey Tumanov and Richard Liaw and Eric Liang and Melih Elibol and Zongheng Yang and William Paul and Michael I. Jordan and Ion Stoica},
    title = {Ray: A Distributed Framework for Emerging {AI} Applications},
    booktitle = {13th USENIX Symposium on Operating Systems Design and Implementation (OSDI 18)},
    year = {2018},
    isbn = {978-1-939133-08-3},
    address = {Carlsbad, CA},
    pages = {561--577},
    url = {https://www.usenix.org/conference/osdi18/presentation/moritz},
    publisher = {USENIX Association},
    month = {10}
}

% Gymnasium
@article{Towers2024,
    title = {Gymnasium: A Standard Interface for Reinforcement Learning Environments},
    author = {Towers, Mark and Kwiatkowski, Ariel and Terry, Jordan and Balis, John U and De Cola, Gianluca and Deleu, Tristan and Goul{\~a}o, Manuel and Kallinteris, Andreas and Krimmel, Markus and KG, Arjun and others},
    journal = {arXiv preprint arXiv:2407.17032},
    doi = {10.48550/arXiv.2407.17032},
    url = {https://arxiv.org/abs/1712.09381},
    year = {2024}
}

% Pandas
@software{Pandas2024,
    author = {{Pandas Development Team}},
    title = {pandas-dev/pandas: Pandas},
    month = apr,
    year = 2024,
    publisher = {Zenodo},
    version = {v2.2.2},
    doi = {10.5281/zenodo.10957263},
    url = {https://doi.org/10.5281/zenodo.10957263}
}

% Pandas (again)
@inproceedings{Mckinney2010,
    author = {{W}es {M}c{K}inney},
    title = {{D}ata {S}tructures for {S}tatistical {C}omputing in {P}ython},
    booktitle = {{P}roceedings of the 9th {P}ython in {S}cience {C}onference},
    pages = {56 - 61},
    year = {2010},
    editor = {{S}t\'efan van der {W}alt and {J}arrod {M}illman},
    doi = {10.25080/Majora-92bf1922-00a}
}

% Numpy
@article{Harris2020,
    title = {Array programming with {NumPy}},
    author = {Charles R. Harris and K. Jarrod Millman and St{\'{e}}fan J. van der Walt and Ralf Gommers and Pauli Virtanen and David Cournapeau and Eric Wieser and Julian Taylor and Sebastian Berg and Nathaniel J. Smith and Robert Kern and Matti Picus and Stephan Hoyer and Marten H. van Kerkwijk and Matthew Brett and Allan Haldane and Jaime Fern{\'{a}}ndez del R{\'{i}}o and Mark Wiebe and Pearu Peterson and Pierre G{\'{e}}rard-Marchant and Kevin Sheppard and Tyler Reddy and Warren Weckesser and Hameer Abbasi and Christoph Gohlke and Travis E. Oliphant},
    year = {2020},
    month = sep,
    journal = {Nature},
    volume = {585},
    number = {7825},
    pages = {357--362},
    doi = {10.1038/s41586-020-2649-2},
    publisher = {Springer Science and Business Media {LLC}},
    url = {https://doi.org/10.1038/s41586-020-2649-2}
}

% PyTorch
@inproceedings{Ansel2024,
    author = {Ansel, Jason and Yang, Edward and He, Horace and Gimelshein, Natalia and Jain, Animesh and Voznesensky, Michael and Bao, Bin and Bell, Peter and Berard, David and Burovski, Evgeni and Chauhan, Geeta and Chourdia, Anjali and Constable, Will and Desmaison, Alban and DeVito, Zachary and Ellison, Elias and Feng, Will and Gong, Jiong and Gschwind, Michael and Hirsh, Brian and Huang, Sherlock and Kalambarkar, Kshiteej and Kirsch, Laurent and Lazos, Michael and Lezcano, Mario and Liang, Yanbo and Liang, Jason and Lu, Yinghai and Luk, CK and Maher, Bert and Pan, Yunjie and Puhrsch, Christian and Reso, Matthias and Saroufim, Mark and Siraichi, Marcos Yukio and Suk, Helen and Suo, Michael and Tillet, Phil and Wang, Eikan and Wang, Xiaodong and Wen, William and Zhang, Shunting and Zhao, Xu and Zhou, Keren and Zou, Richard and Mathews, Ajit and Chanan, Gregory and Wu, Peng and Chintala, Soumith},
    booktitle = {29th ACM International Conference on Architectural Support for Programming Languages and Operating Systems, Volume 2 (ASPLOS '24)},
    doi = {10.1145/3620665.3640366},
    month = apr,
    publisher = {ACM},
    title = {{PyTorch 2: Faster Machine Learning Through Dynamic Python Bytecode Transformation and Graph Compilation}},
    url = {https://pytorch.org/assets/pytorch2-2.pdf},
    year = {2024}
}

% Matplotlib
@article{Hunter2007,
    author = {Hunter, J. D.},
    title = {Matplotlib: A 2D graphics environment},
    journal = {Computing in Science \& Engineering},
    volume = {9},
    number = {3},
    pages = {90--95},
    publisher = {IEEE Computer Society},
    doi = {10.1109/MCSE.2007.55},
    year = 2007,
    month = {05}
}

@inproceedings{Petriglia2024,
    author = {Petriglia, Emanuele and Filippini, Federica and Pracucci, Giacomo and Savi, Marco and Ciavotta, Michele},
    title = {Comparing Actor-Critic and Neuroevolution Approaches for Traffic Offloading in FaaS-powered Edge Systems},
    year = {2024},
    isbn = {9798400706479},
    publisher = {Association for Computing Machinery},
    address = {New York, NY, USA},
    url = {10.1145/3660319.3660331},
    doi = {10.1145/3660319.3660331},
    booktitle = {Proceedings of the 1st Workshop on Serverless at the Edge},
    pages = {17â€“24},
    numpages = {8},
    location = {Pisa, Italy},
    series = {SEATED '24}
}

% Stable-Baselines3
@article{Raffin2021,
    author = {Antonin Raffin and Ashley Hill and Adam Gleave and Anssi Kanervisto and Maximilian Ernestus and Noah Dormann},
    title = {Stable-Baselines3: Reliable Reinforcement Learning Implementations},
    journal = {Journal of Machine Learning Research},
    year = {2021},
    volume = {22},
    number = {268},
    pages = {1-8},
    url = {http://jmlr.org/papers/v22/20-1364.html}
}

% NIST
@misc{Nist2011,
    author = {Mell, Peter and Grance, Timothy},
    title = {The NIST Definition of Cloud Computing},
    year = {2011},
    month = {09},
    publisher = {Special Publication (NIST SP), National Institute of Standards and Technology, Gaithersburg, MD},
    doi = {10.6028/NIST.SP.800-145},
    url = {https://www.nist.gov/publications/nist-definition-cloud-computing}
}

@misc{Europe2012,
    author = {{European Commission}},
    location = {Brussels},
    title = {Unleashing the Potential of Cloud Computing in Europe},
    year = {2012},
    month = {09},
    note = {COM(2012)529},
    url = {https://eur-lex.europa.eu/legal-content/EN/ALL/?uri=CELEX:52012DC0529}
}

@article{McDonald2008,
    author = {Paul, McDonald},
    date = {2008-04-07},
    title = {Introducing Google App Engine},
    journal = {Google App Engine Blog},
    url = {https://googleappengine.blogspot.com/2008/04/introducing-google-app-engine-our-new.html},
    urldate = {2024-10-10}
}

@article{Amazon2006,
    author = {{Amazon Web Services, Inc.}},
    title = {Amazon Web Services Launches},
    journal = {Amazon News},
    date = {2006-03-16},
    url = {https://press.aboutamazon.com/2006/3/amazon-web-services-launches},
    urldate = {2024-10-10}
}

@article{Roosevelt2022,
    author = {Abandy, Roosevelt},
    title = {The History of Microsoft Azure},
    journal = {Microsoft Educator Developer Blog},
    date = {2022-08-24},
    url = {https://techcommunity.microsoft.com/t5/educator-developer-blog/the-history-of-microsoft-azure/ba-p/3574204},
    urldate = {2024-10-10}
}

@article{Castro2019,
    author = {Castro, Paul and Ishakian, Vatche and Muthusamy, Vinod and Slominski, Aleksander},
    title = {The rise of serverless computing},
    year = {2019},
    issue_date = {December 2019},
    publisher = {Association for Computing Machinery},
    address = {New York, NY, USA},
    volume = {62},
    number = {12},
    issn = {0001-0782},
    url = {https://cacm.acm.org/research/the-rise-of-serverless-computing/},
    doi = {10.1145/3368454},
    journal = {Communications of the ACM},
    month = {11},
    pages = {44â€“54},
    numpages = {11}
}

@article{Ana2024,
    author = {Ebrahimi, Ana and Ghobaei-Arani, Mostafa and Saboohi, Hadi},
    title = {Cold start latency mitigation mechanisms in serverless computing: Taxonomy, review, and future directions},
    year = {2024},
    issue_date = {Jun 2024},
    publisher = {Elsevier North-Holland, Inc.},
    address = {USA},
    volume = {151},
    number = {C},
    issn = {1383-7621},
    url = {https://doi.org/10.1016/j.sysarc.2024.103115},
    doi = {10.1016/j.sysarc.2024.103115},
    journal = {J. Syst. Archit.},
    month = {06},
    numpages = {20},
}

@article{Duarte2024,
    author = {Duarte, Fabio},
    title = {Number of IoT Devices (2024)},
    journal = {Exploding Topics},
    date = {2024-02-19},
    url = {https://explodingtopics.com/blog/number-of-iot-devices},
    urldate = {2024-10-10}
}

@article{Laroui2021,
    title = {Edge and fog computing for IoT: A survey on current research activities \& future directions},
    journal = {Computer Communications},
    volume = {180},
    pages = {210-231},
    month = {12},
    year = {2021},
    issn = {0140-3664},
    doi = {10.1016/j.comcom.2021.09.003},
    url = {https://www.sciencedirect.com/science/article/pii/S0140366421003327},
    author = {Laroui, Mohammed and Nour, Boubakr and Moungla, Hassine and A. Cherif, Moussa and Afifi, Hossam and Guizani, Mohsen},
}

@article{Hurbungs2021,
    title = {Fog and edge computing: concepts, tools and focus areas},
    author = {Hurbungs, Visham and Bassoo, Vandana  and Pawan Fowdur, Tulsi},
    journal = {International Journal of Information Technology},
    year = {2021},
    volume = {13},
    month = {01},
    pages = {511 - 522},
    doi = {10.1007/s41870-020-00588-5},
    url = {https://link.springer.com/article/10.1007/s41870-020-00588-5}
}

@inproceedings{Ciavotta2021,
    author = {Ciavotta, Michele and Motterlini, Davide and Savi, Marco and Tundo, Alessandro},
    booktitle = {2021 IEEE 10th International Conference on Cloud Networking (CloudNet)}, 
    title = {DFaaS: Decentralized Function-as-a-Service for Federated Edge Computing}, 
    year = {2021},
    pages = {1-4},
    month = {11},
    doi = {10.1109/CloudNet53349.2021.9657141},
    url = {https://ieeexplore.ieee.org/document/9657141/}
}

@book{Sutton2018,
    author = {Sutton, Richard S. and Barto, Andrew G.},
    title = {Reinforcement Learning: An Introduction},
    year = {2018},
    isbn = {0262039249},
    publisher = {A Bradford Book},
    address = {Cambridge, MA, USA},
    url = {http://incompleteideas.net/sutton/book/the-book.html}
}

@book{Stefano2024,
    author = {Stefano V. Albrecht and Filippos Christianos and Lukas Sch\"afer},
    title = {Multi-Agent Reinforcement Learning: Foundations and Modern Approaches},
    publisher = {MIT Press},
    year = {2024},
    month = {12},
    isbn = {9780262049375},
    url = {https://www.marl-book.com}
}

@book{Puterman1994,
    author = {Puterman, Martin L.},
    title = {Markov Decision Processes: Discrete Stochastic Dynamic Programming},
    year = {1994},
    isbn = {0471619779},
    publisher = {John Wiley \& Sons, Inc.},
    address = {USA},
    edition = {1st},
    month = {01}
}

@article{Ghasemi2024,
    title = {An Introduction to Reinforcement Learning: Fundamental Concepts and Practical Applications}, 
    author = {Majid Ghasemi and Amir Hossein Moosavi and Ibrahim Sorkhoh and Anjali Agrawal and Fadi Alzhouri and Dariush Ebrahimi},
    year = {2024},
    month = {08},
    journal = {arXiv preprint arXiv:2408.07712},
    doi = {10.48550/arXiv.2408.07712},
    url = {https://arxiv.org/abs/2408.07712}, 
}

@article{Mnih2015,
    title = {Human-level control through deep reinforcement learning},
    author = {Volodymyr Mnih and Koray Kavukcuoglu and David Silver and Andrei A. Rusu and Joel Veness and Marc G. Bellemare and Alex Graves and Martin A. Riedmiller and Andreas Kirkeby Fidjeland and Georg Ostrovski and Stig Petersen and Charlie Beattie and Amir Sadik and Ioannis Antonoglou and Helen King and Dharshan Kumaran and Daan Wierstra and Shane Legg and Demis Hassabis},
    journal = {Nature},
    year = {2015},
    volume = {518},
    pages = {529-533},
    month = {02},
    url = {https://www.nature.com/articles/nature14236},
    doi = {10.1038/nature14236}
}

@article{Silver2017,
    title = {Mastering the game of Go without human knowledge},
    author = {David Silver and Julian Schrittwieser and Karen Simonyan and Ioannis Antonoglou and Aja Huang and Arthur Guez and Thomas Hubert and Lucas baker and Matthew Lai and Adrian Bolton and Yutian Chen and Timothy P. Lillicrap and Fan Hui and L. Sifre and George van den Driessche and Thore Graepel and Demis Hassabis},
    journal = {Nature},
    year = {2017},
    volume = {550},
    pages = {354-359},
    doi = {10.1038/nature24270},
    month = {10},
    url = {https://www.nature.com/articles/nature24270}
}

@article{Levine2016,
    author = {Levine, Sergey and Finn, Chelsea and Darrell, Trevor and Abbeel, Pieter},
    title = {End-to-end training of deep visuomotor policies},
    year = {2016},
    issue_date = {January 2016},
    publisher = {JMLR.org},
    volume = {17},
    number = {1},
    issn = {1532-4435},
    journal = {Journal of Machine Learning Research},
    month = {01},
    pages = {1334â€“1373},
    numpages = {40},
    doi = {},
    url = {http://jmlr.org/papers/v17/15-522.html}
}

@article{Pan2017,
    title = {Virtual to real reinforcement learning for autonomous driving},
    author = {Pan, Xinlei and You, Yurong and Wang, Ziyan and Lu, Cewu},
    journal = {arXiv preprint arXiv:1704.03952},
    year = {2017},
    month = {04},
    doi = {10.48550/arXiv.1704.03952},
    url = {https://arxiv.org/abs/1704.03952}
}

@inproceedings{Haarnoja2018,
    title = {Soft Actor-Critic: Off-Policy Maximum Entropy Deep Reinforcement Learning with a Stochastic Actor},
    author = {Haarnoja, Tuomas and Zhou, Aurick and Abbeel, Pieter and Levine, Sergey},
    booktitle = {Proceedings of the 35th International Conference on Machine Learning},
    pages = {1861--1870},
    year = {2018},
    editor = {Dy, Jennifer and Krause, Andreas},
    volume = {80},
    series = {Proceedings of Machine Learning Research},
    month = {07},
    publisher = {PMLR},
    pdf = {http://proceedings.mlr.press/v80/haarnoja18b/haarnoja18b.pdf},
    url = {https://proceedings.mlr.press/v80/haarnoja18b.html},
}

@inproceedings{Kakade2002,
    author = {Kakade, Sham and Langford, John},
    title = {Approximately Optimal Approximate Reinforcement Learning},
    year = {2002},
    month = {07},
    isbn = {1558608737},
    publisher = {Morgan Kaufmann Publishers Inc.},
    address = {San Francisco, CA, USA},
    booktitle = {Proceedings of the Nineteenth International Conference on Machine Learning},
    pages = {267â€“274},
    numpages = {8},
    series = {ICML '02}
}

@article{Chai2021,
    author = {Chai, Rong and Li, Mingzhu and Yang, Tiantian and Chen, Qianbin},
    journal = {IEEE TVT}, 
    title = {Dynamic Priority-Based Computation Scheduling and Offloading for Interdependent Tasks: Leveraging Parallel Transmission and Execution}, 
    year = {2021},
    volume = {70},
    number = {10},
    pages = {10970-10985},
    doi = {10.1109/TVT.2021.3110401}
}

@article{Hsieh2023,
    author = {Hsieh, Cheng-Ying and Ren, Yi and Chen, Jyh-Cheng},
    journal = {IEEE Wirel. Commun.}, 
    title = {Edge-Cloud Offloading: Knapsack Potential Game in 5G Multi-Access Edge Computing}, 
    year = {2023},
    volume = {22},
    number = {11},
    pages = {7158-7171},
    doi = {10.1109/TWC.2023.3248270}
}

@article{Hortelano2023,
    title = {A comprehensive survey on reinforcement-learning-based computation offloading techniques in Edge Computing Systems},
    journal = {J. Netw. Comput. Appl.},
    volume = {216},
    pages = {103669},
    year = {2023},
    issn = {1084-8045},
    doi = {10.1016/j.jnca.2023.103669},
    url = {https://www.sciencedirect.com/science/article/pii/S1084804523000887},
    author = {Diego Hortelano and Ignacio {de Miguel} and RamÃ³n J. DurÃ¡n Barroso and Juan Carlos Aguado and NoemÃ­ Merayo and Lidia Ruiz and Adrian Asensio and Xavi Masip-Bruin and Patricia FernÃ¡ndez and RubÃ©n M. Lorenzo and Evaristo J. Abril}
}

@inproceedings{Kambale2023,
    title = {Runtime Management of Artificial Intelligence Applications for Smart Eyewears},
    author = {Abednego Wamuhindo Kambale and Hamta Sedghani and Federica Filippini and Giacomo Verticale and Danilo Ardagna},
    booktitle = {IEEE/ACM UCC},
    year = {2023},
    doi = {10.1145/3603166. 3632562}
}

@article{Liu2023,
    author = {Liu, Shumei and Yu, Yao and Lian, Xiao and Feng, Yuze and She, Changyang and Yeoh, Phee Lep and Guo, Lei and Vucetic, Branka and Li, Yonghui},
    journal = {IEEE J. Sel. Areas Commun.}, 
    title = {Dependent Task Scheduling and Offloading for Minimizing Deadline Violation Ratio in Mobile Edge Computing Networks}, 
    year = {2023},
    volume = {41},
    number = {2},
    pages = {538-554},
    doi = {10.1109/JSAC.2022.3233532}
}

@article{Zhang2023,
    author = {Zhang, Xiangjun and Wu, Weiguo and Zhao, Zhihe and Wang, Jinyu and Liu, Song},
    journal = {IEEE TVT}, 
    title = {RMDDQN-Learning: Computation Offloading Algorithm Based on Dynamic Adaptive Multi -Objective Reinforcement Learning in Internet of Vehicles}, 
    year = {2023},
    volume = {72},
    number = {9},
    pages = {11374-11388},
    doi = {10.1109/TVT.2023.3270967}
}

@article{Kar2023,
    author = {Kar, Binayak and Yahya, Widhi and Lin, Ying-Dar and Ali, Asad},
    journal = {IEEE Commun. Surv. Tutor.}, 
    title = {Offloading Using Traditional Optimization and Machine Learning in Federated Cloudâ€“Edgeâ€“Fog Systems: A Survey}, 
    year = {2023},
    month = {01},
    volume = {25},
    number = {2},
    pages = {1199-1226},
    doi = {10.1109/COMST.2023.3239579},
    url = {https://ieeexplore.ieee.org/document/10025811}
}

@inproceedings{Fuerst2022,
    author = {Fuerst, Alexander and Sharma, Prateek},
    title = {Locality-aware Load-Balancing For Serverless Clusters},
    year = {2022},
    month = {06},
    isbn = {9781450391993},
    publisher = {Association for Computing Machinery},
    address = {New York, NY, USA},
    doi = {10.1145/3502181.3531459},
    booktitle = {Proceedings of the 31st International Symposium on High-Performance Parallel and Distributed Computing},
    pages = {227â€“239},
    numpages = {13},
    location = {Minneapolis, MN, USA},
    series = {HPDC '22},
    url = {https://dl.acm.org/doi/abs/10.1145/3502181.3531459}
}

@article{Perera2021,
    title = {Applications of reinforcement learning in energy systems},
    journal = {Renewable and Sustainable Energy Reviews},
    volume = {137},
    pages = {110618},
    year = {2020},
    month = {12},
    issn = {1364-0321},
    doi = {10.1016/j.rser.2020.110618},
    url = {https://www.sciencedirect.com/science/article/pii/S1364032120309023},
    author = {A.T.D. Perera and Parameswaran Kamalaruban}
}

@inproceedings{Shash2021,
    author = {Deep Shah},
    booktitle = {2021 5th International Conference on Electrical, Electronics, Communication, Computer Technologies and Optimization Techniques (ICEECCOT)}, 
    title = {A Comparative Study on Cloud, Fog and Edge Computing}, 
    year = {2021},
    month = {12},
    volume={},
    pages = {501-507},
    doi = {10.1109/ICEECCOT52851.2021.9707931},
    url = {https://ieeexplore.ieee.org/document/9707931}
}

@article{Ghatke2023,
    author = {Ghatke, Kashinath and Sumant, Onkar},
    title = {Cloud Services Market Statistics, 2031},
    journal = {Allied Market Research},
    year = {2023},
    month = {03},
    url = {https://www.alliedmarketresearch.com/cloud-services-market},
}